
%
%  ProjectPlan.bib - source text for project plan bibliography
%


@BOOK{wooldridge2002,
 KEY	= "wooldridge2002",
 AUTHOR = "Michael Wooldridge",
 TITLE  = "{An Introduction to Multiagent Systems}",
 PUBLISHER = "{John Wiley \& Sons}",
 ADDRESS = "{Chichester, UK}",
 MONTH  = feb,
 YEAR	= 2002}

@Article{shoham95,
author = {Y. Shoham and M. Tennenholtz},
title = "{On Social Laws for Artificial Agent Societies: Off-line Design}",
journal = {Artificial Intelligence},
year = {1995},
volume = {73},
number = {1-2},
pages = {231-252}
}

@InProceedings{garcia-camino2005,
author = {A. Garcia-Camino and P. Noriega and Rodriguez-Aguilar, J. A.},
title = "{Implementing Norms in Electronic Institutions}",
booktitle = "{4th Int'l Joint Conf on Autonomous
              Agents and Multiagent Systems (AAMAS)}",
address = "{Utrecht, The Netherlands}",
month = jul,
year = {2005},
publisher = {ACM Press}
}


