@book{book:ReasoningAboutRationalAgents:2000,
	author = {Wooldridge, M},
	title = {Reasoning About Rational Agents},
	biburl = {http://www.bibsonomy.org/bibtex/21e41100d56cc2f344f43740f335779e2/veronicasu},
	publisher = {MIT Press},
	year = {2000}
}

@inproceedings{article:Rao:1996,
	author = {Rao, Anand S.},
	title = {AgentSpeak(L): BDI Agents Speak Out in a Logical Computable Language},
	biburl = {http://www.bibsonomy.org/bibtex/2a6400a2d2d6b02f59b9a54bc8c718417/rgoulart},
	booktitle = {Seventh European Workshop on Modelling Autonomous Agents in a Multi-Agent World},
	editor = {van Hoe, Rudy},
	year = {1996}
}

@phdthesis{thesis:Meneguzzi:2009,
	author = {Felipe Meneguzzi},
	title = {Extending Agent Languages for Multiagent Domains},
	school = {King's College London},
	year = {2009}
}
